@online{data,
	author    = "Eric Medveth",
	title     = "data for machine learning project",
	url       = "http://medvet.inginf.units.it/teaching/machine-learning-and-data-analytics-2018-2019/student-project/black-friday.zip?attredirects=0&d=1",
	keywords  = "csv blackfriday",
year={2018 (accessed December 27, 2019)}

}

@article{scikit-learn,
 title={Scikit-learn: Machine Learning in {P}ython},
 author={Pedregosa, F. and Varoquaux, G. and Gramfort, A. and Michel, V.
         and Thirion, B. and Grisel, O. and Blondel, M. and Prettenhofer, P.
         and Weiss, R. and Dubourg, V. and Vanderplas, J. and Passos, A. and
         Cournapeau, D. and Brucher, M. and Perrot, M. and Duchesnay, E.},
 journal={Journal of Machine Learning Research},
 volume={12},
 pages={2825--2830},
 year={2011}
}

	



@article{code,
 title={Code for the Machinel Learning Project},
 author={Michele Belletti},
 url={https://github.com/michbelle/Machine_learning_project.git},
 year={2019 (accessed 30 april, 2020)}
}

